% Encoding: UTF-8
@misc{omb1992,
  author       = {{OMB}},
  title        = {Circular No. A-94 (Revised)},
  year         = {1992},
  date         = {1992-10-29},
}


@book{stephens2000m,
  title     = {Metal fatigue in engineering},
  author    = {Stephens, Ralph I and Fatemi, Ali and Stephens, Robert R and Fuchs, Henry O},
  year      = {2000},
  publisher = {John Wiley \& Sons}
}

@book{kosmatka2011d,
  title={Design and control of concrete mixtures},
  author={Kosmatka, Steven H and Wilson, M L},
  edition={15},
  year={2011},
  publisher={Portland Cement Association Skokie, IL}
}

@book{russell1978p,
  title={Performance of Shrinkage-Compensating Concretes in Slabs},
  author={Russell, Henry G},
  year={1978},
  publisher={Portland Cement Association}
}

@book{chung1996j,
  title={The January 17, 1995 Hyogoken-Nanbu (Kobe) earthquake: performance of structures, lifelines, and fire protection systems},
  author={Chung, Riley M},
  volume={18},
  year={1996},
  publisher={US Department of Commerce, Technology Administration, National Institute of Standards and Technology},
  address ={Gaithersburg, MD}
}

@book{day2006c,
  title={Concrete mix design, quality control and specification},
  author={Day, Ken W},
  year={2006},
  publisher={CRC press}
}


@incollection{fyfe2006a,
  title          = {A Discussion of Failure Modes on High Load Bridge Bearings Which Have Resulted in the Current Design Methods, Philosophy, and Guidelines for Disc Bearings},
  author         = {Fyfe, E. and Milligan, P. and Watson, S.},
  booktitle      = {6th World Congress on Joints, Bearings and Seismic Systems for Concrete Structures,},
  address        = {Halifax, Nova Scotia, Canada},
  year           = {2006}
}

@incollection{sobanjo2011d,
  title          = {Determining Deterioration Models Using Inspection Data in Florida},
  author         = {Sobanjo, John},
  booktitle      = {Southeast Bridge Preservation Partnership Meeting},
  publisher      = {Florida State University, Tallahassee, Florida},
  date           = {2011-04-14},
  year           = {2011}
}

@article{obla2003p,
  title={Properties of concrete containing ultra-fine fly ash},
  author={Obla, Karthik H and Hill, Russell L and Thomas, Michael DA and Shashiprakash, Surali G and Perebatova, Olga},
  journal={ACI materials journal},
  volume={100},
  number={5},
  pages={426--433},
  year={2003},
  publisher={American Concrete Institute}
}

@article{bruneau1996p,
  title={Performance of steel bridges during the 1995 Hyogo-ken Nanbu (Kobe, Japan) earthquake},
  author={Bruneau, Michel and Wilson, John C and Tremblay, Robert},
  journal={Canadian Journal of Civil Engineering},
  volume={23},
  number={3},
  pages={678--713},
  year={1996},
  publisher={NRC Research Press Ottawa, Canada}
}

@article{culmo2010d,
  title={Development of the northeast extreme tee (NEXT) beam for accelerated bridge construction.},
  author={Culmo, Michael P and Seraderian, Rita L},
  journal={PCI journal},
  volume={55},
  number={3},
  year={2010}
}

@article{dicleli2004e,
  title    = {Effect of cyclic thermal loading on the performance of steel H-piles in integral bridges with stub-abutments},
  author   = {Dicleli, Murat and Albhaisi, Suhail M},
  journal  = {Journal of Constructional Steel Research},
  volume   = {60},
  number   = {2},
  pages    = {161--182},
  year     = {2004},
  publisher= {Elsevier}
}

@article{karalar2010d,
  title={Development of a new cycle counting method for cyclic thermal strains in integral bridge piles},
  author={Karalar, M and Dicleli, Murat},
  year={2010}
}

@article{ozol1994a,
  title={Alkali-carbonate rock reaction},
  author={Ozol, Michael A},
  journal={ASTM SPECIAL TECHNICAL PUBLICATION},
  volume={169},
  pages={372--387},
  year={1994}
}

@manual{ehlen2003b,
  author       = {Ehlen, M. A.},
  year         = {2003},
  title        = {BridgeLCC 2.0 Users Manual: Life-Cycle Costing Software for the Preliminary Design of Bridges},
  institution  = {U.S. Department of Commerce Technology Administration, National Institute of Standards
  and Technology},
}

@manual{nsba2008,
  author       = {{NSBA}},
  year         = {2008},
  title        = {Steel Bridge Design Handbook}
}

@manual{aashtonsba2004s,
  author       = {{AASHTO/NSBA}},
  year         = {2004},
  title        = {Steel Bridge Bearing Design and Detailing Guidelines},
  number       = {NSBA G9.1-2004 and AASHTO SBB-1}
}

@techreport{schrank2011t,
  title       = {TTI's 2011 Urban Mobility Report: Powered by INRIX Traffic Data},
  author      = {Schrank, David L. and Lomax, Timothy J. and Eisele, B.},
  year        = {2011},
  institution = {Texas Transportation Institute, Texas A \& M University}
}

@techreport{fisher1998f,
  title      = {A fatigue primer for structural engineers},
  author     = {Fisher, John W and Kulak, Geoffrey L and Smith, Ian FC},
  year       = {1998},
  institution= {National Steel Bridge Alliance, American Institute of Steel Construction}
}

@standard{fib2006,
  author  = {{FIB (CEB-FIP)}},
  title   = {Model Code for Service Life Design},
  address ={Lausanne, Switzerland},
  year    = {2006},
}

@standard{aashto2012l,
  author  = {{AASHTO}},
  title   = {LRFD Bridge Design Specifications},
  Edition = {6},
  Organization= {American Association of State Highway and Transportation Officials},
  address = {Wahington, D.C.},
  year    = {2012},
}

@standard{aashto2010l,
  author  = {{AASHTO}},
  title   = {LRFD Bridge Design Specifications},
  Edition = {3},
  Organization= {American Association of State Highway and Transportation Officials},
  address = {Wahington, D.C.},
  year    = {2010},
}

@techreport{mojab1993i,
  title={Innovative materials development and testing, vol 5: partial depth spall repair in jointed concrete pavements},
  author={Mojab, CA and Patel, AJ and Romine, AR},
  year={1993},
  number = {SHRP-H-356},
  address = {Wahington, D.C.},
}

@techreport{adams2011g,
  title={Geosynthetic reinforced soil integrated bridge system, synthesis report},
  author={Adams, Michael and Nicks, Jennifer and Stabile, Tom and Wu, Jonathan TH and Schlatter, Warren and Hartmann, Joseph and others},
  year={2011},
  institution={United States. Federal Highway Administration}
}

@article{campbell1987t,
  title      = {TFE sliding surfaces in bridge bearings},
  author     = {Campbell, T Ivan and Kong, WL},
  year       = {1987},
  institution= {Ontario Ministry of Transportation and Communications},
  number     = {Report ME-87-06}
}

@techreport{dexter2008m,
  title={Manual for repair and retrofit of fatigue cracks in steel bridges},
  author={Dexter, Robert J and Ocel, Justin M},
  year={2008},
  institution={United States. Federal Highway Administration}
}

@TechReport{stanton1999h,
  title       = {High-load multi-rotational bridge bearings},
  author      = {Stanton, John F and Roeder, Charles W and Campbell, T Ivan},
  number      = {NCHRP Report 432},
  year        = {1999},
  publisher   = {Transportation Research Board, National Research Council},
  address     = {Washington. D.C.},
}

@TechReport{stanton2004r,
  author      = {Stanton, John F and C. W. Roeder and P. M. Helnwein},
  institution = {Department of Civil {and} Environmental Engineering, University of Washington},
  title       = {Rotation Limits for Elastomeric Bearings},
  year        = {2004},
  address     = {Seattle, WA},
  number      = {NCHRP 12-68},
}

@techreport{agrawal2009b,
  title       = {Bridge element deterioration rates},
  author      = {Agrawal, Anil K and Kawaguchi, Akira and Chen, Zheng},
  year        = {2009},
  institution = {New York (State). Dept. of Transportation},
  number      = {C-01-51},
}

@techreport{doolen2011a,
  title       = {Accelerated Bridge Construction ({ABC}) Decision Making and Economic Modeling Tool},
  author      = {Doolen,T. and Saeedi, A. and Emami, S.},
  year        = {2011},
  institution = {U.S. Department of Transportation},
  address     = {Wahington, D.C.},
  number      = {FHWA-OR-TPF-12-06},
}

@techreport{walls1998l,
  title       = {Life-Cycle Cost Analysis in Pavement Designâ€”Interim Technical Bulletin},
  author      = {Walls III, J. and Smith, M.R.},
  year        = {1998},
  institution = {U.S. Department of Transportation},
  address     = {Wahington, D.C.},
  number      = {FHWA-SA-98-079},
}

@techreport{fhwa2002l,
  title       = {Life-Cycle Cost Analysis Primer},
  author      = {{FHWA}},
  year        = {2002},
  institution = {U.S. Department of Transportation},
  address     = {Wahington, D.C.},
}

@techreport{fhwa2004r,
  title       = {RealCost Life-Cycle Cost Analysis User Manual},
  author      = {{FHWA}},
  year        = {2004},
  institution = {U.S. Department of Transportation},
  address     = {Wahington, D.C.},
}

@techreport{fhwa2011b,
  title       = {Bridge Preservation Guide},
  author      = {{FHWA}},
  year        = {2012},
  institution = {U.S. Department of Transportation},
  address     = {Wahington, D.C.},
  number      = {Publication FHWA-HIF-11042},
  date        = {2012-06-20},
}

@techreport{fhwa2012a,
  title       = {Action: Clarification of Requirements for Fracture Critical Members},
  author      = {{FHWA}},
  year        = {2012},
  institution = {U.S. Department of Transportation},
  address     = {Wahington, D.C.},
  date        = {2012-06-20},
}

@techreport{hawk2003b,
  title       = {Bridge Life-Cycle Cost Analysis},
  author      = {Hawk, H.},
  year        = {2003},
  number      = {NCHRP Report 483},
  institution = {Transportation Research Board of the National Academies},
  address     = {Wahington, D.C.},
}

@techreport{lehmann2003c,
  title       = {Cotton Duck Bearing Pads: Engineering Evaluation and Design Recommendations},
  author      = {Lehmann, D.~E. and Roeder, C.~W. and Larson, R. and Curtin K.},
  year        = {2003},
  institution = {Washington State Transportation Center, University of Washington},
  number      = {WA-RD 569.1},
  address     = {Wahington, D.C.},
}

@techreport{maurer2003m,
  author       = {Maurer, S\"ohne},
  year         = {2003},
  title        = {Maurer MSM Sliding Bearings},
  number       = {Maurer Report Nr. 39a-gb},
  address      = {Germany},
}

@article{ala2016p,
  title={Predicting the service life of sliding surfaces in bridge bearings},
  author={Ala, Nima and Power, Edward H and Azizinamini, Atorod},
  journal={Journal of Bridge Engineering},
  volume={21},
  number={2},
  pages={04015035},
  year={2016},
  publisher={American Society of Civil Engineers}
}

@article{azizinamini2014s,
  title={Simple for dead load-continuous for live load steel bridge systems},
  author={Azizinamini, Atorod},
  journal={Engineering Journal-American Institute of Steel Construction},
  volume={51},
  number={2},
  pages={59--81},
  year={2014},
}

@article{azizinamini1997s,
  title={Steel reinforced concrete structures in 1995 Hyogoken-Nanbu earthquake},
  author={Azizinamini, Atorod and Ghosh, SK},
  journal={Journal of structural Engineering},
  volume={123},
  number={8},
  pages={986--992},
  year={1997},
  publisher={American Society of Civil Engineers}
}

@article{azizinamini1994o1,
  title={Old concrete slab bridges. I: Experimental investigation},
  author={Azizinamini, Atorod and Boothby, Thomas E and Shekar, Y and Barnhill, G},
  journal={Journal of Structural Engineering},
  volume={120},
  number={11},
  pages={3284--3304},
  year={1994},
  publisher={American Society of Civil Engineers}
}
@article{azizinamini1994o2,
  title={Old concrete slab bridges. II: Analysis},
  author={Azizinamini, Atorod and Shekar, Y and Boothby, Thomas E and Barnhill, G},
  journal={Journal of Structural Engineering},
  volume={120},
  number={11},
  pages={3305--3319},
  year={1994},
  publisher={American Society of Civil Engineers}
}

@techreport{azizinamini2003t,
  title       = {Toward Development of a Steel Bridge System-Simple for Dead Load and Continuous for Live Load},
  author      = {Azizinamini, Atorod and Yakel, Aaron Jon and Lampe, Nick J},
  institution = {National Bridge Research Organization},
  year        = {2003}
}
@techreport{azizinamini2005d1,
  title       = {Development of a Steel Bridge System---Simple for Dead Load and Continuous for Live Load: Vol. 1: Analysis and Recommendations},
  author      = {Azizinamini, Atorod and Yakel, Aaron Jon and Farimani, M},
  institution = {National Bridge Research Organization},
  year        = {2005}
}
@techreport{azizinamini2005d2,
  title       = {Development of a Steel Bridge System---Simple for Dead Load and Continuous for Live Load, Vol. 2: Experimental Results},
  author      = {Azizinamini, Atorod and Yakel, Aaron Jon and Lampe, Nick J and Mossahebi, N and Otte, M},
  institution = {National Bridge Research Organization},
  year        = {2005}
}

@article{farimani2014n,
  title={Numerical analysis and design provision development for the simple for dead load-continuous for live load steel bridge system},
  author={Farimani, Reza and Javidi, Saeed and Kowalski, Derek and Azizinamini, Atorod},
  journal={Engineering Journal-American Institute of Steel Construction},
  volume={51},
  number={2},
  pages={109--126},
  year={2014},
}

@article{lampe2013d,
  title={Development and Experimental Testing of Simple for Deadâ€”Continuous for Live Bridge System},
  author={Lampe, Nick J and Mossahebi, N and Yakel, Aaron Jon and Farimani, Reza and Azizinamini, Atorod},
  journal={Engineering Journal-American Institute of Steel Construction},
  year={2013},
}

@incollection{horton2003h,
  title={High performance steel cost comparison study},
  author={Horton, Richard and Power, Edward and Van Ooyen, Kristi and Azizinamini, Atorod},
  booktitle={High Performance Materials in Bridges},
  pages={275--300},
  year={2003}
}

@article{javidi2013e,
  title={Experimental Investigation, Application and Monitoring of Simplemade-continuous Bridge Connection for Modular Bridge Construction Method},
  author={Javidi, Saeed and Yakel, Aaron Jon and Azizinamini, Atorod},
  journal={Engineering Journal-American Institute of Steel Construction},
  year={2013},
}

@article{yakel2014f,
  title={Field application case studies and long-term monitoring of bridges utilizing the simple for dead-continuous for live bridge system},
  author={Yakel, Aaron and Azizinamini, Atorod},
  journal={Engineering Journal-American Institute of Steel Construction},
  volume={51},
  number={3},
  pages={155--175},
  year={2014},
  publisher={AMER INST STEEL CONSTRUCTION ONE EAST WACKER DR, SUITE 3100, CHICAGO, IL~â€¦}
}

@book{lee1994b,
  title={Bridge bearings and expansion joints},
  author={Lee, David John},
  year={1994},
  edition={2},
  publisher={CRC Press},
  address={London}
}

@Comment{jabref-meta: databaseType:bibtex;}
